<record><leader>00000cas a22000007a 4500</leader><controlfield tag="001">17734688</controlfield><controlfield tag="008">880405d19541956lauwr ne      0    0eng d</controlfield><datafield ind1=" " ind2=" " tag="010"><subfield code="a">sn 88064272 </subfield></datafield><datafield ind1=" " ind2=" " tag="040"><subfield code="a">LNP</subfield><subfield code="b">eng</subfield><subfield code="c">LNP</subfield><subfield code="d">OCLCQ</subfield></datafield><datafield ind1=" " ind2=" " tag="042"><subfield code="a">msc</subfield></datafield><datafield ind1="0" ind2="4" tag="245"><subfield code="a">The Minden herald and Webster review.</subfield></datafield><datafield ind1="3" ind2="0" tag="246"><subfield code="a">Minden herald and the Webster review</subfield></datafield><datafield ind1=" " ind2=" " tag="260"><subfield code="a">Minden, La. :</subfield><subfield code="b">Webster Print. Co.</subfield></datafield><datafield ind1=" " ind2=" " tag="310"><subfield code="a">Weekly</subfield></datafield><datafield ind1="0" ind2=" " tag="362"><subfield code="a">Vol. 28, no. 1 (Oct. 7, 1954)-v. 29, no. 16 (Jan. 26, 1956).</subfield></datafield><datafield ind1=" " ind2=" " tag="500"><subfield code="a">Title varies slightly: Minden herald and the Webster review, Jan. 5, 1956-Jan. 26, 1956.</subfield></datafield><datafield ind1=" " ind2=" " tag="752"><subfield code="a">United States</subfield><subfield code="b">Louisiana</subfield><subfield code="c">Webster</subfield><subfield code="d">Minden.</subfield></datafield><datafield ind1="0" ind2="4" tag="780"><subfield code="t">Minden herald (Minden, La. : 1953)</subfield><subfield code="w">(DLC)sn 88064271</subfield></datafield><datafield ind1="0" ind2="4" tag="780"><subfield code="t">Webster review the signal-tribune</subfield><subfield code="w">(DLC)sn 88064267</subfield></datafield><datafield ind1="0" ind2="0" tag="785"><subfield code="t">Minden herald (Minden, La. : 1956)</subfield><subfield code="w">(DLC)sn 88064285</subfield></datafield></record>